
@article{aspuru2018materials,
  title={Materials Acceleration Platform: Accelerating Advanced Energy Materials Discovery by Integrating High-Throughput Methods and Artificial Intelligence.},
  author={Aspuru-Guzik, Al{\'a}n and Persson, Kristin},
  journal={Mission Innovation},
  year={2018},
  publisher={Canadian Institute for Advanced Research},
  uri={http://nrs.harvard.edu/urn-3:HUL.InstRepos:35164974}
}

@article{maier2007combinatorial,
  title={Combinatorial and high-throughput materials science},
  author={Maier, Wilhelm F and Stoewe, Klaus and Sieg, Simone},
  journal={Angewandte chemie international edition},
  volume={46},
  number={32},
  pages={6016--6067},
  year={2007},
  publisher={Wiley Online Library},
  doi={10.1002/anie.200603675}
}

@article{wolf2023accelerated,
  title={Accelerated screening of {Cu}-{Ga}-{Fe} oxide semiconductors by combinatorial spray deposition and high-throughput analysis},
  author={Wolf, Maximilian and Madsen, Georg KH and Dimopoulos, Theodoros},
  journal={Materials Advances},
  volume={4},
  number={12},
  pages={2612--2624},
  year={2023},
  publisher={Royal Society of Chemistry},
  doi={10.1039/D3MA00136A}
}

@article{pernstich2012instrument,
  title={Instrument Control (iC)--an open-source software to automate test equipment},
  author={Pernstich, KP},
  journal={Journal of Research of the National Institute of Standards and Technology},
  volume={117},
  pages={176},
  year={2012},
  publisher={National Institute of Standards and Technology},
  doi={10.6028/jres.117.010}
}

@article{weber2021pymodaq,
  title={PyMoDAQ: An open-source Python-based software for modular data acquisition},
  author={Weber, SJ},
  journal={Review of Scientific Instruments},
  volume={92},
  number={4},
  year={2021},
  publisher={AIP Publishing},
  doi={10.1063/5.0032116}
}

@article{fuchs2024nomad,
  doi = {10.21105/joss.06371},
  url = {https://doi.org/10.21105/joss.06371},
  year = {2024},
  publisher = {The Open Journal},
  volume = {9},
  number = {95},
  pages = {6371},
  author = {Alexander D. Fuchs and Johannes A. f. Lehmeyer and Heinz Junkes and Heiko B. Weber and Michael Krieger},
  title = {NOMAD CAMELS: Configurable Application for Measurements, Experiments and Laboratory Systems},
  journal = {Journal of Open Source Software}
}

@article{allan2019bluesky,
  title={Bluesky's ahead: a multi-facility collaboration for an a la Carte software project for data acquisition and management},
  author={Allan, Daniel and Caswell, Thomas and Campbell, Stuart and Rakitin, Maksim},
  journal={Synchrotron Radiation News},
  volume={32},
  number={3},
  pages={19--22},
  year={2019},
  publisher={Taylor \& Francis},
  doi={10.1080/08940886.2019.1608121}
}